@book{boyle1692general,
  title={The General History of the Air},
  author={Boyle, R. and Churchill, Awnsham (Londen) and Churchill, John (Londen)},
  url={https://books.google.com.mx/books?id=GQ_MzgEACAAJ},
  year={1692},
  publisher={Awnsham and J. Churchill}
}
@book{burton,
      AUTHOR = "D. J. Burton and J. L. Routh",
      TITLE = "Qu\'{\i}mica Org\'anca y Bioqu\'{\i}mica",
      YEAR = "1977",
      PUBLISHER = {McGraw-Hill Interamericana de M\'exico},
      address   = {M\'exico, D.F.}                }

@book{castellan,
      AUTHOR = "Gilbert W. Castellan",
      TITLE = "Fisicoqu\'{\i}mica",
      YEAR = "1986",
      PUBLISHER = {Fondo de Educativo Interamericano},
      address   = {M\'exico, D.F.}                }

@BOOK{Hein,
   AUTHOR ="Morris Hein",
   title = "Qu\'{\i}mica",
   booktitle = "Qu\'{\i}mica",
   publisher = "Grupo Editorial Iberoam\'erica, S.A. de C.V.",
   address = "{M\'exico, D.F.}",
   year = 1992,
   note = " ",
}

@BOOK{maron,
   AUTHOR = "Samuel H. Maron and Carl F. Prutton",
   PUBLISHER = "Editorial LIMUSA",
   title = "Fundamentos de Fisicoqu\'{\i}mica",
   booktitle = "Fundamentos de Fisicoqu\'{\i}mica",
   address = "{M\'exico, D.F.}",
   year = 1984,
   note = "decimocuarta reimpresi\'on ",
}
@book{reed2016acid,
  title={Acid rain and the rise of the environmental chemist in nineteenth-century Britain: the life and work of Robert Angus Smith},
  author={Reed, Peter},
  year={2016},
  publisher={Routledge}
}
@book{wingrove,
      AUTHOR = "Alan S. Wingrove and Robert L. Caret",
      TITLE = "Qu\'{\i}mica Org\'anica",
      YEAR = "1984",
      PUBLISHER = {Harla S.A. de C.V.},
      address   = {M\'exico, D.F.}                }

@BOOK{whole-collection,
   editor = "David J. Lipcoll and D. H. Lawrie and A. H. Sameh",
   title = "High Speed Computer and Algorithm Organization",
   booktitle = "High Speed Computer and Algorithm Organization",
   number = 23,
   series = "Fast Computers",
   publisher = "Academic Press",
   address = "New York",
   edition = "Third",
   month = sep,
   year = 1977,
   note = "This is a cross-referenced BOOK (collection) entry",
}