% (c) 1998 Jose Luis Diaz, 1999 Jose Luis Diaz and Javier Bezos.
% All Rights Reserved.
%
% This file is part of the gloss distribution release 1.4.
% -----------------------------------------------------------
%
% This file can be redistributed and/or modified under the terms
% of the LaTeX Project Public License Distributed from CTAN
% archives in directory macros/latex/base/lppl.txt; either
% version 1 of the License, or any later version.
%

% Using this file as test with bibTeX8
% - Replace {\~n} with the corresponding character in your system
%   and without braces. In Mac it is ï¿½.
% - Remove the sort-word fields in the egne and gnu entries.
% - Restore the \usepackage[...]{inputenc} with the setting
%   corresponding to your system in sample.tex.

@GLOSSDEF{gnu,
  word="{\~n}u",
  definition="Simp\'atico animal, mascota de los programadores",
  sort-word="Nzzu"
}
@GLOSSDEF{a,
  word="a",
  definition={Primera letra del alfabeto}
}
@GLOSSDEF{acetileno,
  word="acetileno",
  definition={Compuesto org\'anico de dos carbonos unidos mediante una triple
ligadura},
 heading="A"
 }
@GLOSSDEF{acido,
    word="{\'a}cido",
  definition="(1) Sustancia donadora de iones H$^+$
(H$_3$O$^+$) (2) Sustancia que acepta electrones. (3) Al
encontrarse en soluci\'on acuosa y estar contacto con metales
produce sales",
 heading="A",
  }
@GLOSSDEF{acidocarboxilico,
  word="{\'a}cido carbox{\'{\i}}lico",
  definition="Sustancia org\'anica capaz de donar iones 
H$^+$ debido a que posee un grupo carbonilo",
  heading="A"
 }
@GLOSSDEF{acidonucleico,
  word="{\'a}cidos nucl\'eicos",
  definition="\'Acidos org\'anicos que se encuentran en el n\'ucleo de las
c\'elulas, son escenciales para la vida. Entre \'estos se encuentran el ADN y el ARN",
  heading="A"
 }
@GLOSSDEF{acidograso,
  word="{\'a}cidos grasos saturados",
  definition="\'Acido carbox\'{\i}lico de cadena larga que usualmente se encuentra
en las grasas vegetales y animales",
  heading="A"
 }
@GLOSSDEF{acidoorganico,
  word="{\'a}cidos org\'anicos",
  definition=" Son los \'acido carbox\'{\i}licos",
  heading="A"
 }
@GLOSSDEF{adp,
  word="Adenosin Difosfato",
  definition="Sustancia compuesta de dos fosfatos que con\-tie\-ne enlaces de alta
energ\'{\i}a",
  short="ADP",
  heading="A"
 }
@GLOSSDEF{afinidadelectronica,
  word="afinidad electr\'onica",
  definition="Energ\'{\i}a desprendida o absorbida por un \'atomos
al adicionarle un electr\'on, y es una medida de la atracci\'on que ejerce un \'atomo
hacia un electr\'on"
 }
@GLOSSDEF{alcanos,
  word="alcanos",
  definition="Compuestos org\'anicos saturados con enlaces sencillos entre sus
carbonos"
 }
@GLOSSDEF{alcoholes,
  word="alcoholes",
  definition="Compuestos org\'anicos con un grupo hidroxilo -OH"
 }
@GLOSSDEF{alcoxido,
  word="alc\'oxido",
  definition="Compuesto i\'onico producto de la reacci\'on del sodio con un alcohol",
  sort-word="alcoxido"
 }
@GLOSSDEF{aldehido,
  word="aldeh\'{\i}dos",
  definition="Compuesto org\'anico que contiene un grupo carbonilo y al menos un
hidr\'ogeno se encuentra enlazado a \'este",
  sort-word="aldehido"
 }
@GLOSSDEF{alifatico,
  word="alif\'atico",
  definition="Compuesto org\'anico de cadena abierta de \'atomos de carbono, puede
contener ligaduras sencillas, dobles o triples",
  sort-word="alifatico"
 }
@GLOSSDEF{alqueno,
  word="alquenos",
  definition="Compuesto org\'anico con por lo menos un enlace doble entre sus
carbonos",
  sort-word="alqueno"
 }
@GLOSSDEF{alquillitio,
  word="alquil-litio",
  definition="Compuesto org\'anomet\'alico producto de la reacc\'on de un haluro de
alquilo con litio",
  sort-word="alquil"
 }
@GLOSSDEF{alquilo,
  word="alquilo",
  definition="Compuesto org\'anico con un \'atomo menos de hidr\'ogeno que en el alcano
correspondiente",
  sort-word="alquilo"
 }
@GLOSSDEF{alquino,
  word="alquinos",
  definition="Compuesto org\'anico con  por lo menos un enlace triple entre sus
carbonos",
  sort-word="alquino"
 }
@GLOSSDEF{amina,
  word="aminas",
  definition="Compuesto org\'anico que contiene el grupo NH$_x$ donde $x$ vale $0,1$
\'o $2$",
  sort-word="amina"
 }
@GLOSSDEF{anfotericos,
  word="anfot\'ericos",
  definition="Sustancias capaces de reaccionar tanto como \'acidos como bases",
  sort-word="anfoterico"
 }
  @GLOSSDEF{antropica,
  word="antr—pica",
  definition={ Producido o modificado por la actividad humana.},
    sort-word="antropica"
 }
 @GLOSSDEF{arilo,
  word="arilo",
  definition="Es cualquier grupo funcional o sustituyente derivado de un anillo arom‡tico",
  heading="A"
 }
@GLOSSDEF{atp,
  word="Adenosin Trifosfato",
  definition="Sustancia compuesta de tres fosfatos que contiene enlaces de alta energ\'{\i}a.",
  short="ATP",
  heading="A"
 }
@GLOSSDEF{boyle,
  word="Boyle",
  definition="Robert Boyle estudio el comportamiento de los gases en funci\'on de la
temperatura y presi\'on de manera cuantitativa",
  sort-word="boyle"
 }
@GLOSSDEF{BTU,
  word="BTU",
  definition="British Termal Unit. Calor necesario para incrementar 1$^\circ$F a una libra
de agua",
  sort-word="btu"
 }
@GLOSSDEF{buffer,
  word="buffer",
  definition="Soluci\'on que amortigua los cambios en el $pH$ ya que se encuentra
formada por \'acido y su base conjugada",
  sort-word="buffer"
 }
@GLOSSDEF{calor,
  word="calor",
  definition={Cantidad que fluye a trav\'es de la frontera de un sistema durante un cambio
de estado, en virtud de una diferencia de temperatura entre el sistema y su medio
exterior, y que fluye de un punto de mayor a uno de menor temperatura},
  sort-word={calor}
}
@GLOSSDEF{caloria,
  word="calor\'{\i}a",
  definition={Cantidad de energ\'{\i}a necesaria para elevar en 1$^\circ$C a un gramo de
agua.},
  sort-word={caloria}
}
@GLOSSDEF{calorimetro,
  word="calor\'{\i}metro",
  definition={Equipo empleado para medir la cantidad de calor aborbida o desprendiada por
un proceso f\'{\i}sico o qu\'{\i}mico},
  sort-word={calor}
}
@GLOSSDEF{capacidadcalorif,
  word="capacidad calor\'{\i}fica",
  definition={Cantidad de calor necesaria para producir un incremento de un grado en la
temperatura}
 }

@GLOSSDEF{carbonilo,
  word="carbonilo",
  definition="Grupo org\'anico que contiene un carbono y unido a \'este mediante una
 doble ligadura un ox\'{\i}geno, se encuentra presente en aldeh\'{\i}dos y cetonas"
 }
@GLOSSDEF{catalizador,
  word="catalizador",
  definition={Es aquella sustancia que modifica la velocidad de reacci\'on y no sufre cambio
              significativo},
  sort-word={catalizador}
}
@GLOSSDEF{cetona,
  word="cetonas",
  definition="Compuesto org\'anico que contiene un grupo carbonilo y unido a este dos
grupos alquilo o arilo "
 }

@GLOSSDEF{charles,
  word="Charles",
  definition="Estudio el comportamiento de los gases en funci\'on de la
temperatura y el volumen de manera cuantitativa",
  sort-word="charles"
 }
@GLOSSDEF{constantedeacidez,
  word="constante de acidez",
  definition="Indica que tan disociado se encuentra un
\'acido, as\'{\i} como tambi\'en que tan fuerte es"
 }
@GLOSSDEF{complejoactivado,
  word="complejo activado",
  definition="Especie intermedia entre reactivos y productos en una re\-ac\-ci\'on"
 }
@GLOSSDEF{craqueo,
  word="craqueo",
  definition="Deshidrogenaci\'on de alcanos por medio de altas temperaturas",
  sort-word="craqueo"
 }
@GLOSSDEF{deshidrogenacion,
  word="deshidrogenaci\'on",
  definition="Remoci\'on de hidr\'ogenos de una mol\'ecula org\'anica para formar
dobles o triples enlaces entre \'atomos de carbono",
  sort-word="deshidrogenacion"
 }
@GLOSSDEF{deshidrohalogenacion,
  word="deshidrohalogenaci\'on",
  definition="Remoci\'on de hal\'ogenos de una mol\'ecula org\'anica para formar
dobles o triples enlaces entre los \'atomos de carbono",
  sort-word="deshidrohalogenacion"
 }
@GLOSSDEF{disacaridos,
  word="disac\'aridos",
  definition={Compuestos por dos unidades de mon\'omeros},
  sort-word="discarido"
}
@GLOSSDEF{ecuaciondeestado,
  word="ecuaciones de estado",
  definition={Representan las relaciones  $P$-$V$-$T$ de los
gases y describen completamente el estado de cualquier sistema gaseoso},
  sort-word="ecuacion"
}
@GLOSSDEF{electronegatividad,
  word="electronegatividad",
  definition={Fuerza de atracci\'on que un \'atomo de un elemento presenta hacia los
               electrones en una mol\'ecula},
  sort-word="electronegatividad"
}
@GLOSSDEF{endergonicas,
  word="enderg\'onica",
  definition={Reacciones bioqu\'{\i}micas que para ocurrir requieren de energ\'{\i}a para
efectuarse},
  sort-word="endergonica"
}
@GLOSSDEF{endotermico,
  word="endot\'ermica",
  definition={Proceso que absorbe energ\'{\i}a al efectuarse},
  sort-word="endotermico"
}
@GLOSSDEF{energiadeactivacion,
  word="energ\'{\i}a de activaci\'on",
  definition={Energ\'{\i}a necesaria para iniciar una reacci\'on qu\'{\i}mica},
  sort-word="energia"
}
@GLOSSDEF{entalpia,
  word="entalp\'{\i}a",
  definition={Mide los cambios t\'ermicos a presi\'on constante en un sistema, los cambios
pueden ser qu\'{\i}micos (entalp\'{i}a de reacci\'on, combusti\'on, formaci\'on) o
f\'{\i}sicos entalp\'{\i}a de disoluci\'on)},
  sort-word="entalpia"
}
@GLOSSDEF{entropia,
  word="entrop\'{\i}a",
  definition={Grado de desorden en un sistema. Se mide en unidades en\-tr\'o\-pi\-cas ue
cal/grado},
  sort-word="entalpia"
}
@GLOSSDEF{exergonicas,
  word="exerg\'onica",
  definition={Reacciones bioqu\'{\i}micas que almacenan energ\'{\i}a en enlaces de alta
energ\'{\i}a al efectuarse},
  sort-word="exergonica"
}
@GLOSSDEF{exotermico,
  word="exot\'ermica",
  definition={Proceso que desprende energ\'{\i}a al efectuarse},
  sort-word="exotermico"
}
@GLOSSDEF{ene,
  word="n",
  definition={Letra que va antes de la \gloss{egne}}
}
@GLOSSDEF{eter,
  word="Žter",
  definition={Es un compuesto org‡nico que contiene dos grupos alquilo o \gloss{arilo} (grupo Žter) con un ‡tomo de ox’geno. },
   sort-word={eter}
}
@GLOSSDEF{egne,
  word="{\~n}",
  definition={Letra problem\'atica en la ordenaci\'on alfab\'etica},
  sort-word={Nzz}
}
@GLOSSDEF{ester,
  word="Žster",
  definition={Es un compuesto  de un radical org‡nico unido al residuo de cualquier ‡cido oxigenado ( ox‡cido ), org‡nico o inorg‡nico. },
   sort-word={ester}
}
@GLOSSDEF{factordecompresibilidad,
  word="factor de compresibilidad",
  definition={Es la raz\'on del volumen molar observado con respecto al volumen
molar ideal en funci\'on de la presi\'on a temperatura constante
$Z=\frac{p\overline V}{RT}$}, sort-word="factor"
 }
@GLOSSDEF{fase,
  word="fase",
  definition={Parte de un sistema que es fisicamente diferenciable y se encuentra
separado de las otras partes del sistema por un l\'imite. ej. un sistema de dos
fases es agua con aceite},
sort-word="fase"
 }
@GLOSSDEF{fenilo,
  word="fenilo",
  definition={Compuesto derivado del benceno},
sort-word="fenilo"
 }
 @GLOSSDEF{frontera,
  word="frontera",
  definition={Termodinamicamente hablando es l\'{\i}mite real o imaginario que define
a un sistema},
 sort-word="frontera"
}
 @GLOSSDEF{fem,
  word="fem",
  definition={Fuerza electromotriz},
 sort-word="fem"
}
@GLOSSDEF{gasesideales,
  word="gases ideales",
  definition={Son aquellos en el que su comportamiento no se ve influenciado por las
fuerzas de cohesi\'on y vol\'umenes de las mol\'eculas que los componen.},
 sort-word="gases"
}
@GLOSSDEF{gasesnobles,
  word="gases nobles",
  definition={Son aquellos que  tienen completa la capa de valencia con 8 electrones, tienen propiedades similares como la baja reactividad  y son  monoat\'omicos en condiciones normales. },
 sort-word="gasesn"
}
@GLOSSDEF{gasesreales,
  word="gases reales",
  definition={Poseen un comportamiento similar al de los ideales cuando se encuentran a temperaturas altas y presiones bajas.},
 sort-word="gasesr"
}
@GLOSSDEF{genotoxicas,
  word="genot—xicas",
  definition={Son gentes f’sicos (temperatura, luz ultravioleta, radiaciones ionizantes, radiaciones electromagnŽticas, etc.) o productos qu’micos capaces de alterar la informaci—n genŽtica celular.},
 sort-word="genotoxica"
}

@GLOSSDEF{halogenacion,
  word="halogenaci\'on",
  definition={Proceso adicionar hal\'ogenos a una mol\'ecula},
  sort-word="halogenacion"
}
@GLOSSDEF{helicoidal,
  word="helicoidal",
  definition={Que tiene forma de h\'elice},
  sort-word="helicoidal"
}
@GLOSSDEF{Henry,
  word="Henry",
  definition="La Ley de Henry es una ley que describe la relaci—n entre la presi—n y la solubilidad de los gases en soluciones.",
  sort-word="henry"
 }
@
@GLOSSDEF{heteropolimero,
  word="heteropol\'{\i}mero",
  definition={Pol\'{\i}mero compuesto de dos o m\'as mo\-n\'o\-meros},
  sort-word="heteropolimero"
}
@GLOSSDEF{hidrocarburos,
  word="hidrocarburos",
  definition={Compuestos constituidos por \'atomos de carbono e hidr\'ogeno unidos
entre s\'{\i} mediante enlaces covalentes},
  sort-word="hidrocarburos"
}
@GLOSSDEF{hidrolisis,
  word="hidr\'olisis",
  definition={Reacci\'on de una sustancia ionica con el agua},
  sort-word="hidrolisis"
}
@GLOSSDEF{hibridacion,
  word="hibridaci\'on",
  definition={Combinaci\'on de los orbitales $s$ y $p$ del \'atomo de carbono},
  sort-word="hibridacion"
}
@GLOSSDEF{homopolimero,
  word="homopol\'{\i}mero",
  definition={Pol\'{\i}mero compuesto de un solo tipo de mo\-n\'o\-mero},
  sort-word="homopolimero"
}
@GLOSSDEF{ionizacion,
  word="ionizaci\'on",
  definition={La cantidad de energ\'{\i}a necesaria para quitar un electr\'on a un \'atomo}
}
@GLOSSDEF{ionhidronio,
  word="i\'on hidronio",
   short="H$_3$O$^+$",
  definition={Combinaci\'on de un prot\'on con una mol\'ecula polar dando un i\'on
hidratado}
 }
@GLOSSDEF{isomeros,
  word="is\'omeros",
  definition={Compuestos qu\'{\i}micos diferentes con la misma f\'ormula condensada},
  sort-word="isomeros"
}
@GLOSSDEF{meteorizacion,
  word="meteorizaci—n",
  definition={el proceso de desintegraci—n o descomposici—n de las rocas y minerales en la superficie terrestre o cerca de ella.},
  sort-word="meteorizacion"
}
@GLOSSDEF{mie,
  word="Mie",
  definition={Esparcimiento que se produce cuando la luz choca con part’culas o molŽculas grandes. Las part’culas absorben una parte de la luz y reflejan el resto, como peque–os espejos.},
  sort-word="mie"
}
@GLOSSDEF{monosacaridos,
  word="monosac\'aridos",
  definition={Hidrocarburos compuestos por un mon\'omero},
  sort-word="monosacaridos"
}

@GLOSSDEF{orbitales,
  word="orbitales",
  definition={Los principales niveles de energ\'{\i}a donde se localizan los electrones en
               un \'atomo},
  sort-word="orbitales"
}
@GLOSSDEF{oligosacaridos,
  word="oligosac\'aridos",
  definition={Compuestos de 3 a 10 unidades de mon\'omeros},
  sort-word="orbitales"
}
@GLOSSDEF{pargalvanico,
  word="par galv\'anico",
  definition={Contacto entre dos metales de diferente electronegatividad en
condiciones favorables es posible la transferencia de electrones},
 }
@GLOSSDEF{ph,
  word="$pH$",
  definition={Logaritmo negativo de la concentraci\'on de iones H$_3$O$^+$, nos indica
que tan \'acida ($pH < 7$) o alcalina ($p H >7$) es una sustancia},
  sort-word="ph",
  group="S"
 }
@GLOSSDEF{polaridad,
  word="polaridad",
  definition={Es el grado al cual un par electr\'onico es desigualmente compartido en una
mol\'ecula},
  sort-word="polaridad"
}
@GLOSSDEF{pirolisis,
  word="pir\'olisis",
  definition={Deshidrogenaci\'on de alcanos a altas temperaturas de entre 500 a 700
$^\circ$C},
  sort-word="pirolisis"
}
@GLOSSDEF{polipeptidos,
  word="polip\'eptidos",
  definition={Cadenas de entre 40 a 50 amino\'aciodos unidos por enlces
pep\-t\'{\i}\-di\-cos},
  sort-word="polipeptidos"
}
@GLOSSDEF{poliprotico,
  word="polipr\'otico",
  definition={Sustancia que contribuye con m\'as de un prot\'on al agua},
  sort-word="poliprotico"
}
@GLOSSDEF{polisacaridos,
  word="polisac\'aridos",
  definition={Carbohidratos compuestos de m\'as de 10 unidades de mono\-sa\-c\'a\-ri\-dos},
  sort-word="polisacaridos"
}
@GLOSSDEF{sistema,
  word="sistema",
  definition={Una porci\'on del universo que nos interesa estudiar y se encuentra separada
por fronteras},
  sort-word={sistema}
}
@GLOSSDEF{solvente,
  word="solvente",
  definition={Sustancia l\'{\i}quida en mayor proporci\'on en una soluci\'on},
  sort-word={solvente}
}
@GLOSSDEF{soluto,
  word="soluto",
  definition={Sustancia en que se encuentra en menor proporci\'on en una soluci\'on},
  sort-word={sistema}
}
@GLOSSDEF{temperaturaabsoluta,
  word="temperatura absoluta",
  definition={Temperatura a la cual las mol\'eculas de un gas se encuentran en forma
cristalina y sin ning\'un tipo de movimiento},
  sort-word={temperaturaabsoluta}
}
@GLOSSDEF{termodinamica,
  word="termodin\'amica",
  definition={Estudia las diferentes clases de energ\'{\i}a y sus diferentes
ma\-ni\-festaciones},
  sort-word={termodinamica}
}

@GLOSSDEF{termoestables,
  word="termoestables",
  definition={Pol\'{\i}meros que no llegan a fundirse al calentarlos},
  sort-word={termoestabl}
}
@GLOSSDEF{termoplasticos,
  word="termopl\'asticos",
  definition={Pol\'{\i}meros que se ablandan con el aumento gradual de la temperatura y
llegan a fundirse},
  sort-word={termplast}
}
@GLOSSDEF{tioeter,
  word="tioŽter",
  definition={Un compuesto  similar a un Žter, conteniendo un ‡tomo de azufre en vez de un ‡tomo de ox’geno.},
  sort-word={tioeter}
}
@GLOSSDEF{tiol,
  word="tiol",
  definition={Un compuesto que contiene el grupo funcional formado por un ‡tomo de azufre y un ‡tomo de hidr—geno (-SH).},
  sort-word={tiol}
}

@GLOSSDEF{trabajo,
  word="trabajo",
  definition={Termodin\'amicamente hablando trabajo es la cualquier cantidad de
energ\'{\i}a qur fluye a trav\'es de la frontera de un sistema durante un cambio de
estado y que puede ser empleada para elevar un cuerpo en el medio exterior},
  sort-word={trabajo}
}
@GLOSSDEF{UIQPA,
  word="UIQPA ",
  definition="Uni\'on Internacional de Qu\'{\i}mica Pura y Aplicada (International Union of Pure and Applied Chemistry)",
  short="IUPAC",
  heading="U"
 }
@GLOSSDEF{valencia,
  word="valencia",
  definition={Los electrones en la capa externa de un \'atomo que son los responsables de la
mayor parte de la actividad electr\'onica},
  sort-word={valencia}
}
@GLOSSDEF{variabledeestado,
  word="variable de estado",
  definition={Es aquella que tiene un valor definido cuando se especifica el estado de un
sistema},
  sort-word={variable}
}
@GLOSSDEF{vulcanizacion,
  word="vulcanizaci\'on",
  definition={Adici\'on de azufre al hule natural caliente para modificar as\'{\i} sus
propiedades},
  sort-word={vulcaniza}
}
@GLOSSDEF{nuname,
  word="nu",
  definition={Nombre de la letra griega $\nu$}
}
@GLOSSDEF{exclam,
  word="!",
  definition={!`Ay!},
  group="C"
}
@GLOSSDEF{interr,
  word="?",
  definition={?`Eh?},
  group="C"
}
@GLOSSDEF{ASCII,
  word="American Standard Code for Information Interchange",
  short="ASCII",
  definition="El sistema m\'as popular de codificaci\'on"
}
@GLOSSDEF{bit,
  word="bit",
  definition={Contracci\'on de ``binary digit''. M\'{\i}nima unidad de
              informaci\'on}
}
@GLOSSDEF{bibtex8,
  word="bib\TeX8",
  definition={Implementaci\'on de Bib\TeX\ que alfabetiza correctamente
              juegos de caracteres de 8 bits}
}
%
%          S I M B O L O S
%
@GLOSSDEF{pi,
  word="$\pi$",
  definition={Constante matem\'atica aproximadamente igual a la 
  versi\'on m\'as reciente de \TeX},
  sort-word=pisort,
  group="S"
}
@GLOSSDEF{alfa,
  word="$\alpha$",
  definition={Primera letra del alfabeto griego},
  sort-word=alphasort,
  group="S"
}
@GLOSSDEF{deltae,
  word="$\Delta E$",
  definition={cambio en la energ\'{\i}a del sistema},
  sort-word=deltasort,
  group="S"
}
@GLOSSDEF{deltav,
  word="$\Delta V$",
  definition={cambio en el volumen del sistema},
  sort-word=deltasort,
  group="S"
}
@GLOSSDEF{deltahc,
  word="$\Delta H_c$",
  definition={Entalp\'{\i}a de combusti\'on},
  sort-word=deltasort,
  group="S"
}
@GLOSSDEF{deltahd,
  word="$\Delta H_d$",
  definition={Entalp\'{\i}a de disoluci\'on},
  sort-word=deltasort,
  group="S"
}
@GLOSSDEF{deltahe,
  word="$\Delta H_{25^\circ C}$",
  definition={Entalp\'{\i}a de enlace a $25^\circ\, C$},
  sort-word=deltasort,
  group="S"
}
@GLOSSDEF{deltahen,
  word="$\Delta H_e$",
  definition={Entalp\'{\i}a de enlace},
  sort-word=deltasort,
  group="S"
}
@GLOSSDEF{nu,
  word="$\nu$",
  definition={Frecuencia de la luz incidente.},
  sort-word=nusort,
  group="S"
}
@GLOSSDEF{deltahev,
  word="$\Delta H_b$",
  definition={Entalp\'{\i}a de vaporizaci\'on},
  sort-word=deltasort,
  group="S"
}
@GLOSSDEF{deltahfr,
  word="$\Delta H_f$",
  definition={Entalp\'{\i}a de formaci\'on},
  sort-word=deltasort,
  group="S"
}
@GLOSSDEF{deltahf,
  word="$\Delta H_s$",
  definition={Entalp\'{\i}a de fusi\'on},
  sort-word=deltasort,
  group="S"
}
@GLOSSDEF{deltag,
  word="$\Delta G$",
  definition={Energ\'{\i}a libre de Gibbs},
  sort-word=deltasort,
  group="S"
}
@GLOSSDEF{deltahr,
  word="$\Delta H_r$",
  definition={Entalp\'{\i}a de reacci\'on},
  sort-word=deltasort,
  group="S"
}
@GLOSSDEF{deltas,
  word="$\Delta S$",
  definition={Cambio de entrop\'{\i}a},
  sort-word=deltasort,
  group="S"
}
@GLOSSDEF{densidad,
  word="$\rho$",
  definition={Densidad del gas o l’quido en masa/volumen [\kilogrampercubicmetrenp]. },
  sort-word=rhosort,
  group="S"
}
@GLOSSDEF{ecelda,
  word="$E_\textrm{celda}$",
  definition={Potencial de celda, [volt]},
  group="S"
}
@GLOSSDEF{ereducc,
  word="$E_\textrm{celda}$",
  definition={Potencial de reducci\'on, [volt]},
  group="S"
}
@GLOSSDEF{eoxida,
  word="$E_\textrm{celda}$",
  definition={Potencial de oxidaci\'on, [volt]},
  group="S"
}
@GLOSSDEF{hplank,
  word="$h$",
  definition={Constante de Planck [\joule \reciprocal\second]},
  group="S"
}
@GLOSSDEF{zeta,
  word="z",
  definition={\'Ultima letra del alfabeto}
}
@GLOSSDEF{awaals,
  word="$a$",
  definition={Constante de la ecuaci\'on de Van der Waals},
  sort-word="a",
  group="S"
}
@GLOSSDEF{bwaals,
  word="$b$",
  definition={Constante de la ecuaci\'on de Van der Waals},
  sort-word="b",
  group="S"
}
@GLOSSDEF{cp,
  word="$C_p$",
  definition={Capacidad calor\'{\i}fica a presi\'on constante [cal/(g K)]},
  sort-word="cp",
  group="S"
}
@GLOSSDEF{H,
  word="$H$",
  definition={Entalp\'{\i}a},
  sort-word="h",
  group="S"
}
@GLOSSDEF{extincion,
  word="$\sigma$",
  definition={Coeficiente de extinci—n.},
  sort-word="sigmasort",
  group="S"
}
@GLOSSDEF{ggravedad,
  word="$g$",
  definition={Aceleraci\'on debida a la gravedad, 9.81 m/s$^2$},
  sort-word="g",
  group="S"
}
@GLOSSDEF{haltura,
  word="$h$",
  definition={Distancia en altura, [m]},
  sort-word="h",
  group="S"
}
@GLOSSDEF{gamma,
  word="$\Gamma$",
  definition={Gradiente adiab\'atico seco},
  sort-word="gammasort",
  group="S"
}
@GLOSSDEF{londa,
  word="$\lambda$",
  definition={Longitud de onda de la luz },
  sort-word="lambdasort",
  group="S"
}
@GLOSSDEF{masa,
  word="$m$",
  definition={Masa de un cuerpo, [kg]},
  sort-word="m",
  group="S"
}
@GLOSSDEF{moles,
  word="$n$",
  definition={N\'umero de moles [gmol] $=$ peso[g]/peso molecular[g/gmol]},
  sort-word="n",
  group="S"
}
@GLOSSDEF{niveles,
  word="n",
  definition={N\'umero de niveles de energ\'{\i}a en un \'atomo},
  sort-word="n",
  group="S"
}
@GLOSSDEF{subnivels,
  word="$s$",
  definition={Subnivel de energ\'{\i}a en un \'atomo consta de un orbital},
  sort-word="s",
  group="S"
}
@GLOSSDEF{subnivelp,
  word="$p$",
  definition={Subnivel de energ\'{\i}a en un \'atomo consta de tres orbitales},
  sort-word="p",
  group="S"
}
@GLOSSDEF{subniveld,
  word="$d$",
  definition={Subnivel de energ\'{\i}a en un \'atomo consta de cinco orbitales},
  sort-word="d",
  group="S"
}
@GLOSSDEF{subnivelf,
  word="$f$",
  definition={Subnivel de energ\'{\i}a en un \'atomo consta de siete orbitales},
  sort-word="f",
  group="S"
}
@GLOSSDEF{tresid,
  word="$\tau$",
  definition={Tiempo de residencia o vida œtil },
  sort-word="tausort",
  group="S"
}

@GLOSSDEF{presion,
  word="$P$",
  definition={Presi\'on en un sistema},
  sort-word="p",
  group="S"
}
@GLOSSDEF{qcalor,
  word="$Q$",
  definition={Energ\'{\i}a en foma de calor},
  sort-word="q",
  group="S"
}
@GLOSSDEF{constR,
  word="$R$",
  definition={Constante de la ley general de los gases, 0.082057
$\frac{l-atm}{gmol\;K}$},
  sort-word="r",
  group="S"
}
@GLOSSDEF{temperatura,
  word="$T$",
  definition={Temperatura en un sistema, [K]},
  sort-word="t",
  group="S"
}
@GLOSSDEF{orbitalsp,
  word="$sp$",
  definition={Orbital h\'{\i}brido del carbono entre orbitales $s$ y $p$},
  sort-word="sp",
  group="S"
}
@GLOSSDEF{volumen,
  word="$V$",
  definition={Volumen en un sistema},
  sort-word="v",
  group="S"
}
@GLOSSDEF{wtrab,
  word="$w$",
  definition={Trabajo realizado por el sistema sobre el controno},
  sort-word="w",
  group="S"
}
@GLOSSDEF{fcomp,
  word="$z$",
  definition={Factor de compresibilidad},
  sort-word="z",
  group="S"
}
